@inproceedings{han-10,
	address = {Valletta, Malta},
	title = {Using an error-annotated learner corpus to develop an {ESL}/{EFL} error correction system},
	booktitle = {Proc. of {LREC}},
	author = {Han, {Na-Rae} and Tetreault, Joel and Lee, {Soo-Hwa} and Ha, {Jin-Young}},
	editor = {Calzolari, Nicoletta and Choukri, Khalid and Maegaard, Bente and Mariani, Joseph and Odijk, Jan and Piperidis, Stelios and Rosner, Mike and Tapias, Daniel},
	month = may,
	year = {2010},
	pages = {763--770}
}
